
@ARTICLE{2016arXiv160300464B,
   author = {{Bird}, S. and {Cholis}, I. and {Mu{\~n}oz}, J.~B. and {Ali-Ha{\"i}moud}, Y. and 
	{Kamionkowski}, M. and {Kovetz}, E.~D. and {Raccanelli}, A. and 
	{Riess}, A.~G.},
    title = "{Did LIGO detect dark matter?}",
  journal = {ArXiv e-prints},
archivePrefix = "arXiv",
   eprint = {1603.00464},
 keywords = {Astrophysics - Cosmology and Nongalactic Astrophysics, High Energy Physics - Phenomenology},
     year = 2016,
    month = mar,
   adsurl = {http://adsabs.harvard.edu/abs/2016arXiv160300464B},
  adsnote = {Provided by the SAO/NASA Astrophysics Data System}
}

@ARTICLE{2016PhRvL.116f1102A,
   author = {{Abbott}, B.~P. and {Abbott}, R. and {Abbott}, T.~D. and {Abernathy}, M.~R. and 
	{Acernese}, F. and {Ackley}, K. and {Adams}, C. and {Adams}, T. and 
	{Addesso}, P. and {Adhikari}, R.~X. and et al.},
    title = "{Observation of Gravitational Waves from a Binary Black Hole Merger}",
  journal = {Physical Review Letters},
archivePrefix = "arXiv",
   eprint = {1602.03837},
 primaryClass = "gr-qc",
     year = 2016,
    month = feb,
   volume = 116,
   number = 6,
      eid = {061102},
    pages = {061102},
      doi = {10.1103/PhysRevLett.116.061102},
   adsurl = {http://adsabs.harvard.edu/abs/2016PhRvL.116f1102A},
  adsnote = {Provided by the SAO/NASA Astrophysics Data System}
}

